@book{arkin1998behavior,
  title={Behavior-based robotics},
  author={Arkin, Ronald C},
  year={1998},
  publisher={MIT press}
}

@book{stone1980introduction,
  title={Introduction to computer architecture},
  author={Stone, Harold S},
  year={1980},
  publisher={Sra}
}

@inproceedings{mataric1992behavior,
  title={Behavior-based control: Main properties and implications},
  author={Mataric, Maja J},
  booktitle={Proceedings, IEEE International Conference on Robotics and Automation, Workshop on Architectures for Intelligent Control Systems},
  pages={46--54},
  year={1992},
  organization={Citeseer}
}

@article{brooks1986robust,
  title={A robust layered control system for a mobile robot},
  author={Brooks, Rodney A},
  journal={Robotics and Automation, IEEE Journal of},
  volume={2},
  number={1},
  pages={14--23},
  year={1986},
  publisher={IEEE}
}

@article {Arn51a,
    AUTHOR = {Arnoldi, W. E.},
     TITLE = {The principle of minimized iteration in the solution of the
              matrix eigenvalue problem},
   JOURNAL = {Quart. Appl. Math.},
  FJOURNAL = {Quarterly of Applied Mathematics},
    VOLUME = {9},
      YEAR = {1951},
     PAGES = {17--29},
}

@article {Lan50a,
    AUTHOR = {Lanczos, Cornelius},
     TITLE = {An iteration method for the solution of the eigenvalue problem
              of linear differential and integral operators},
   JOURNAL = {J. Research Nat. Bur. Standards},
  FJOURNAL = {Journal of Research of the National Bureau of Standards},
    VOLUME = {45},
      YEAR = {1950},
     PAGES = {255--282},
}
